A0000000018390088390098802433786900                    CAD                                                                                                                                                                                                                                                                                                                                                                                                                                                                                                                                                                                                                                                                                                                                                                                                                                                                                                                                                                                                                                                                                                                                                                                                                                                                                                                                                                                                                                                              
C0000000028390088390098845000207463580243370003031321062371                           000League Savings First Canadian Title          League Savings and Mortgage   839008839020029110           08398839300512121                                           0000000000045000215649450243370003000101408939                           000League Savings Aviso Financial Inc.          League Savings and Mortgage   839008839020029115           08398839300512121                                           0000000000045003881640340243370003000101408939                           000League Savings Aviso Financial Inc.          League Savings and Mortgage   839008839020029116           08398839300512121                                           0000000000045000021004180243370003000101408939                           000League Savings Aviso Financial Inc.          League Savings and Mortgage   839008839020029117           08398839300512121                                           0000000000045000010719980243370003095911046036                           000League Savings CI Investments                League Savings and Mortgage   839008839020029118           08398839300512121                                           0000000000045000195800000243370003095911046036                           000League Savings CI Investments                League Savings and Mortgage   839008839020029119           08398839300512121                                           00000000000
C0000000038390088390098845000001520630243370003095911046036                           000League Savings CI Investments                League Savings and Mortgage   839008839020029120           08398839300512121                                           0000000000045000022781420243370003000021307362                           000League Savings Assante Financial Management  League Savings and Mortgage   839008839020029121           08398839300512121                                           0000000000045000345278690243370003000021307362                           000League Savings Assante Financial Management  League Savings and Mortgage   839008839020029122           08398839300512121                                           0000000000045000001367730243370003000021307362                           000League Savings Assante Financial Management  League Savings and Mortgage   839008839020029123           08398839300512121                                           0000000000045000074687250243370003000021307511                           000League Savings Assante Capital Management    League Savings and Mortgage   839008839020029124           08398839300512121                                           0000000000045000928641570243370003000021307511                           000League Savings Assante Capital Management    League Savings and Mortgage   839008839020029125           08398839300512121                                           00000000000
C0000000048390088390098845000004555750243370003000021307511                           000League Savings Assante Capital Management    League Savings and Mortgage   839008839020029126           08398839300512121                                           0000000000045000004567720243370003000061151117                           000League Savings CMHC-SCHL                     League Savings and Mortgage   839008839020029129           08398839300512121                                           0000000000045000168573730243370003000061151117                           000League Savings CMHC-SCHL                     League Savings and Mortgage   839008839020029130           08398839300512121                                           0000000000045000310681330243370003000061151117                           000League Savings CMHC-SCHL                     League Savings and Mortgage   839008839020029131           08398839300512121                                           0000000000045000092514000243370003000061151117                           000League Savings CMHC-SCHL                     League Savings and Mortgage   839008839020029132           08398839300512121                                           0000000000045000030848400243370003000061151117                           000League Savings CMHC-SCHL                     League Savings and Mortgage   839008839020029133           08398839300512121                                           00000000000
C0000000058390088390098845000018334620243370003000061151117                           000League Savings CMHC-SCHL                     League Savings and Mortgage   839008839020029134           08398839300512121                                           0000000000045000000016080243370003060121004035                           000League Savings Monarch Wealth Corporation    League Savings and Mortgage   839008839020029127           08398839300512121                                           0000000000045000000154310243370003028741041151                           000League Savings Questrade                     League Savings and Mortgage   839008839020029128           08398839300512121                                           0000000000045000011026440243370849771241410202910                        000League Savings Brunswick Credit Union-ProgresLeague Savings and Mortgage   839008839020029135           08398839300512121                                           00000000000                                                                                                                                                                                                                                                                                                                                                                                                                                                                                                
Z000000006839008839009880000000000000000000000000006547827200000002200000000000000000000000000000000000000000000                                                                                                                                                                                                                                                                                                                                                                                                                                                                                                                                                                                                                                                                                                                                                                                                                                                                                                                                                                                                                                                                                                                                                                                                                                                                                                                                                                                                        
