A0000000018390088390094002428986900                    CAD                                                                                                                                                                                                                                                                                                                                                                                                                                                                                                                                                                                                                                                                                                                                                                                                                                                                                                                                                                                                                                                                                                                                                                                                                                                                                                                                                                                                                                                              
C0000000028390088390094045000000335860242890001000561132679                           000League Savings Canada Post Corporation, OttawLeague Savings and Mortgage   839008839020028388           08398839300512121                                           0000000000045000000096300242890002202630006718                           000League Savings Staples Advantage             League Savings and Mortgage   839008839020028229           08398839300512121                                           0000000000045000004266830242890270000124011785006                        000League Savings D&H Mortgage Technology CorporLeague Savings and Mortgage   839008839020028437           08398839300512121                                           00000000000450000027888002428900045161451615209342                       000League Savings Estate Mortgage Inc. The MortgLeague Savings and Mortgage   839008839020028407           08398839300512121                                           00000000000450000015561002428900049720009905241544                       000League Savings TMG - The Mortgage Group AtlanLeague Savings and Mortgage   839008839020028332           08398839300512121                                           0000000000045000008459400242890003000061151117                           000League Savings Canada Mortgage and Housing CoLeague Savings and Mortgage   839008839020028328           08398839300512121                                           00000000000
C000000003839008839009404500000370454024289001610002017016002                         000League Savings Computershare                 League Savings and Mortgage   839008839020028252           08398839300512121                                           00000000000450000030907602428900049656009875252271                       000League Savings MCC                           League Savings and Mortgage   839008839020028422           08398839300512121                                           00000000000450000004629902428908397057363279106                          000League Savings Certainly Cinnamon            League Savings and Mortgage   839008839020028399           08398839300512121                                           0000000000045000015290000242890003000021017433                           000League Savings Sagen Mortgage Insurance CompaLeague Savings and Mortgage   839008839020028420           08398839300512121                                           00000000000450000161000002428900048248908865204085                       000League Savings Treasury & Balance Sheet ManagLeague Savings and Mortgage   839008839020028409           08398839300512121                                           000000000004500000603700024289080915440100067279326                      000League Savings Susan Regan                   League Savings and Mortgage   839008839020028410           08398839300512121                                           00000000000
C00000000483900883900940450000017694402428900040108201085213354                       000League Savings Forest City Funding Inc.      League Savings and Mortgage   839008839020028352           08398839300512121                                           00000000000                                                                                                                                                                                                                                                                                                                                                                                                                                                                                                                                                                                                                                                                                                                                                                                                                                                                                                                                                                                                                                                                                                                                                                                                                                                
Z000000005839008839009400000000000000000000000000000063958020000001300000000000000000000000000000000000000000000                                                                                                                                                                                                                                                                                                                                                                                                                                                                                                                                                                                                                                                                                                                                                                                                                                                                                                                                                                                                                                                                                                                                                                                                                                                                                                                                                                                                        
