A0000000018390088390097402432386900                    CAD                                                                                                                                                                                                                                                                                                                                                                                                                                                                                                                                                                                                                                                                                                                                                                                                                                                                                                                                                                                                                                                                                                                                                                                                                                                                                                                                                                                                                                                              
C0000000028390088390097445000120838570243230003000101408939                           000League Savings Aviso Financial Inc.          League Savings and Mortgage   839008839020028941           08398839300512121                                           0000000000045001377727320243230003000101408939                           000League Savings Aviso Financial Inc.          League Savings and Mortgage   839008839020028942           08398839300512121                                           0000000000045000004647700243230003095911046036                           000League Savings CI Investments                League Savings and Mortgage   839008839020028943           08398839300512121                                           0000000000045000090000000243230003095911046036                           000League Savings CI Investments                League Savings and Mortgage   839008839020028944           08398839300512121                                           0000000000045000031942010243230003000021307362                           000League Savings Assante Financial Management  League Savings and Mortgage   839008839020028945           08398839300512121                                           0000000000045000312145780243230003000021307362                           000League Savings Assante Financial Management  League Savings and Mortgage   839008839020028946           08398839300512121                                           00000000000
C0000000038390088390097445000046753860243230003000021307511                           000League Savings Assante Capital Management    League Savings and Mortgage   839008839020028947           08398839300512121                                           0000000000045000529228790243230003000021307511                           000League Savings Assante Capital Management    League Savings and Mortgage   839008839020028948           08398839300512121                                           00000000000450000013210802432308390193305000192                          000League Savings Coastal Financial Credit UnionLeague Savings and Mortgage   839008839020028950           08398839300512121                                           00000000000450000007030002432308391814316528108                          000League Savings Jacqueline Murphy             League Savings and Mortgage   839008839020028840           08398839300512121                                           0000000000045000000670110243230010006942001810                           000League Savings KUSTOM GENERAL CONTRACTING INCLeague Savings and Mortgage   839008839020028949           08398839300512121                                           0000000000045000002165130243230010001438216487                           000League Savings Matthew Bayne                 League Savings and Mortgage   839008839020028952           08398839300512121                                           00000000000
C0000000048390088390097445000007889290243230010308000087145538                        000League Savings Makaylah Farrell              League Savings and Mortgage   839008839020028951           08398839300512121                                           00000000000                                                                                                                                                                                                                                                                                                                                                                                                                                                                                                                                                                                                                                                                                                                                                                                                                                                                                                                                                                                                                                                                                                                                                                                                                                                
Z000000005839008839009740000000000000000000000000002526032640000001300000000000000000000000000000000000000000000                                                                                                                                                                                                                                                                                                                                                                                                                                                                                                                                                                                                                                                                                                                                                                                                                                                                                                                                                                                                                                                                                                                                                                                                                                                                                                                                                                                                        
